<?xml version="1.0" encoding="UTF-8"?><collection xmlns="http://www.loc.gov/MARC21/slim"><record><leader>00429nam--2200145-i-4500</leader><controlfield tag="001">000047756</controlfield><controlfield tag="002">20161230</controlfield><controlfield tag="005">20161230201046</controlfield><controlfield tag="008">060222s1000------------r-----000-0-eng-d</controlfield><datafield ind1=" " ind2=" " tag="080"><subfield code="a">621.375.8</subfield></datafield><datafield ind1=" " ind2=" " tag="100"><subfield code="a">Yariv, Amnon</subfield></datafield><datafield ind1=" " ind2=" " tag="245"><subfield code="a">Introduction to optical electronics</subfield></datafield><datafield ind1=" " ind2=" " tag="260"><subfield code="a">New York, Holt, Rinehart And Wisnton, Inc., 1971, X=342p</subfield></datafield><datafield ind1=" " ind2=" " tag="490"><subfield code="a">Hrw Series In Electrical Engineering, Electronics And Systems</subfield></datafield><datafield ind1=" " ind2=" " tag="852"><subfield code="a">36350</subfield></datafield></record></collection>